@article{Fuadina2021,
  abstract  = {Bandung Metropolitan Area is the second largest metropolitan area in Indonesia. Bandung Metropolitan Area also represents the type of metropolitan in Asia which has massive urbanization characteristic that caused by increasing economic growth. This research aims to analyze the spatial diversity of the factors influencing urban sprawl in Bandung Metropolitan Area. The data used in this study were secondary data consisting of Landsat satellite imagery and facilities data obtained from the Central Statistics Agency (BPS) in the year of 2003 and 2014. The methodology used in this study was Geograpically Weighted Regression (GWR) analysis. The results showed that each variables has a different influence on each locations. Population density variable has a positive effect on the percentage of built up area. Whereas the variable of distance to Bandung City, the percentage of paddy field area, the percentage of forest area, and the distance to the toll road has a negative effect on the percentage of built up area. While the effect of the District Development Index variable toward the percentage of built up area varies in each research location.},
  author    = {Lutfia Nursetya Fuadina and Ernan Rustiadi and Andrea Emma Pravitasari},
  doi       = {10.14710/tataloka.23.1.105-114},
  issn      = {0852-7458},
  issue     = {1},
  journal   = {TATALOKA},
  month     = {2},
  pages     = {105-114},
  publisher = {Institute of Research and Community Services Diponegoro University (LPPM UNDIP)},
  title     = {Analisis Faktor-Faktor yang Mempengaruhi Urban Sprawl di Kawasan Cekungan Bandung},
  volume    = {23},
  year      = {2021}
}

@article{Rustiadi2009,
  abstract  = {Jabodetabek plays a strategic role in national development in terms of national economic structure and political, socio-cultural and securify contexts. This paper reports contemporary updates on the environmental issues related to urban sprawl. Series of remote sensing data were used to demonstrate land use change. Rice field ratio was employed ?o assess declining agricultural fields.},
  author    = {Ernan Rustiadi and Dyah R. Panuju and Bambang H. Trisasongko},
  journal   = {Proceeding of the ICALRD-JIRCAS Workshop},
  publisher = {IPB (Bogor Agricultural University)},
  title     = {Environmental Impacts Of Urbanization In Jabodetabek Area},
  year      = {2009}
}
